%% This BibTeX bibliography file was created using BibDesk.
%% http://bibdesk.sourceforge.net/


%% Created for homoflashmanicus at 2013-10-21 22:17:15 -0400 


%% Saved with string encoding Unicode (UTF-8) 



@article{Manjunatha:2003:CPU:980972.980993,
	Acmid = {980993},
	Address = {New York, NY, USA},
	Author = {Manjunatha, J. N. and Sivaramakrishnan, K. R. and Pandey, Raghavendra Kumar and Murthy, M Narasimha},
	Date-Added = {2013-10-22 02:17:05 +0000},
	Date-Modified = {2013-10-22 02:17:05 +0000},
	Doi = {10.1145/980972.980993},
	Issn = {1931-0145},
	Issue_Date = {December 2003},
	Journal = {SIGKDD Explor. Newsl.},
	Keywords = {KNNC, citation prediction, network usage mining},
	Month = dec,
	Number = {2},
	Numpages = {2},
	Pages = {152--153},
	Publisher = {ACM},
	Title = {Citation Prediction Using Time Series Approach KDD Cup 2003 (Task 1)},
	Url = {http://doi.acm.org/10.1145/980972.980993},
	Volume = {5},
	Year = {2003},
	Bdsk-Url-1 = {http://doi.acm.org/10.1145/980972.980993},
	Bdsk-Url-2 = {http://dx.doi.org/10.1145/980972.980993}}

@incollection{McNamara:2013uq,
	Author = {McNamara, Daniel and Wong, Paul and Christen, Peter and Ng, KeeSiong},
	Booktitle = {Trends and Applications in Knowledge Discovery and Data Mining},
	Date-Added = {2013-10-22 02:15:24 +0000},
	Date-Modified = {2013-10-22 02:15:33 +0000},
	Doi = {10.1007/978-3-642-40319-4_2},
	Editor = {Li, Jiuyong and Cao, Longbing and Wang, Can and Tan, KayChen and Liu, Bo and Pei, Jian and Tseng, VincentS.},
	Isbn = {978-3-642-40318-7},
	Pages = {14-25},
	Publisher = {Springer Berlin Heidelberg},
	Series = {Lecture Notes in Computer Science},
	Title = {Predicting High Impact Academic Papers Using Citation Network Features},
	Url = {http://dx.doi.org/10.1007/978-3-642-40319-4_2},
	Volume = {7867},
	Year = {2013},
	Bdsk-Url-1 = {http://dx.doi.org/10.1007/978-3-642-40319-4_2}}

@article{sigkdd03,
	Author = {J. Gehrke and P. Ginsparg and  J. M. Kleinberg},
	Date-Added = {2013-10-22 02:06:33 +0000},
	Date-Modified = {2013-10-22 02:07:16 +0000},
	Journal = {SIGKDD Explorations},
	Number = {2},
	Pages = {149-151},
	Title = {Overview of the 2003 KDD Cup},
	Volume = {5},
	Year = {2003}}

@inproceedings{Yan:2011:CCP:2063576.2063757,
	Acmid = {2063757},
	Address = {New York, NY, USA},
	Author = {Yan, Rui and Tang, Jie and Liu, Xiaobing and Shan, Dongdong and Li, Xiaoming},
	Booktitle = {Proceedings of the 20th ACM international conference on Information and knowledge management},
	Date-Added = {2013-10-22 02:04:11 +0000},
	Date-Modified = {2013-10-22 02:04:11 +0000},
	Doi = {10.1145/2063576.2063757},
	Isbn = {978-1-4503-0717-8},
	Keywords = {citation count prediction, data engineering, regression models},
	Location = {Glasgow, Scotland, UK},
	Numpages = {6},
	Pages = {1247--1252},
	Publisher = {ACM},
	Series = {CIKM '11},
	Title = {Citation count prediction: learning to estimate future citations for literature},
	Url = {http://doi.acm.org/10.1145/2063576.2063757},
	Year = {2011},
	Bdsk-Url-1 = {http://doi.acm.org/10.1145/2063576.2063757},
	Bdsk-Url-2 = {http://dx.doi.org/10.1145/2063576.2063757}}

@article{Acuna:2012fk,
	Annote = {10.1038/489201a},
	Author = {Acuna, Daniel E. and Allesina, Stefano and Kording, Konrad P.},
	Date = {2012/09/13/print},
	Date-Added = {2013-10-22 02:01:42 +0000},
	Date-Modified = {2013-10-22 02:01:42 +0000},
	Day = {13},
	Isbn = {0028-0836},
	Journal = {Nature},
	L3 = {http://www.nature.com/nature/journal/v489/n7415/abs/489201a.html#supplementary-information},
	M3 = {10.1038/489201a},
	Month = {09},
	Number = {7415},
	Pages = {201--202},
	Publisher = {Nature Publishing Group, a division of Macmillan Publishers Limited. All Rights Reserved.},
	Title = {Future impact: Predicting scientific success},
	Ty = {JOUR},
	Url = {http://dx.doi.org/10.1038/489201a},
	Volume = {489},
	Year = {2012},
	Bdsk-Url-1 = {http://dx.doi.org/10.1038/489201a}}

@article{adler2009citation,
	Author = {Adler, Robert and Ewing, John and Taylor, Peter},
	Date-Added = {2013-10-22 01:58:31 +0000},
	Date-Modified = {2013-10-22 01:58:31 +0000},
	Journal = {Statistical Science},
	Number = {1},
	Pages = {1},
	Title = {Citation statistics},
	Volume = {24},
	Year = {2009}}

@article{Ibez2009,
	Author = {Ib{\'a}{\~n}ez, Alfonso and Larra{\~n}aga, Pedro and Bielza, Concha},
	Date-Added = {2013-10-22 01:54:31 +0000},
	Date-Modified = {2013-10-22 01:54:31 +0000},
	Journal = {Bioinformatics},
	Number = {24},
	Pages = {3303-3309},
	Title = {Predicting citation count of Bioinformatics papers within four years of publication},
	Volume = {25},
	Year = {2009}}

@conference{livnepredicting,
	Author = {Livne, Avishay and Adar, Eytan and Teevan, Jaime and Dumais, Susan},
	Booktitle = {iConference},
	Date-Added = {2013-10-22 01:41:00 +0000},
	Date-Modified = {2013-10-22 01:44:36 +0000},
	Month = {February},
	Title = {Predicting Citation Counts Using Text and Graph Mining},
	Year = {2013}}

@article{Perlich:2003:PCR:980972.980994,
	Acmid = {980994},
	Address = {New York, NY, USA},
	Author = {Perlich, Claudia and Provost, Foster and Macskassy, Sofus},
	Date-Added = {2013-10-22 01:38:20 +0000},
	Date-Modified = {2013-10-22 01:38:20 +0000},
	Doi = {10.1145/980972.980994},
	Issn = {1931-0145},
	Issue_Date = {December 2003},
	Journal = {SIGKDD Explor. Newsl.},
	Month = dec,
	Number = {2},
	Numpages = {2},
	Pages = {154--155},
	Publisher = {ACM},
	Title = {Predicting citation rates for physics papers: constructing features for an ordered probit model},
	Url = {http://doi.acm.org/10.1145/980972.980994},
	Volume = {5},
	Year = {2003},
	Bdsk-Url-1 = {http://doi.acm.org/10.1145/980972.980994},
	Bdsk-Url-2 = {http://dx.doi.org/10.1145/980972.980994}}
